@book{,
    title         = {},
    year          = {},
    publisher     = {},
    organization  = {}
}
