%~~~~~~~~~~~~~~Chapter1~~~~~~~~~~~~~
@article{linkedin,
title = "Browsemap collaborative filtering linkedin",
publisher ="Linkedin",
organization ="Linkedin",
}
@article{figfiltering,
author ="Himanshu Kansara",
title ="HOW DO RECOMMENDATION ENGINES WORK? AND WHAT ARE THE BENEFITS?",
publisher = "Maruti Techlabs",
organization= "Maruti Techlabs",
year ="2017",
}
@article{netflix,
author="CARLOS A. GOMEZ-URIBE and NEIL HUNT",   
title="The Netflix Recommender System:Algorithms,Business Value,and Innovation",
journal="ACM Transactions on Management Information Systems (TMIS)",
volume="Volume 6",
issue="4",
article="13",
pages="3-5"
year = "2015", 
month="December",
}
@article{refamazonus,
author = "Eugéne Kim",
title = "How Amazon's payment service could solve it biggest weakness against paypal",
journal = "Business insider",
year = "2017",
month="February",
}
@phdthesis{userFacebook,
author = "Mohamed Ryadh Dahimene",
title = "Filtrage et Recommandation sur les Réseaux Sociaux",
school = "\'Ecole Doctorale Informatique, T\'el\'ecommunication et \'Electronique (Paris, France)",
year = "2014",
month = "Décembre",
}
@article{surveymachinelearningregression,
    author = "Kajaree Das, Rabi Narayan Behera",
    title = "A Survey on Machine Learning: Concept,Algorithms and Applications",
    journal = "International Journal of Innovative Research in Computer and Communication Engineering",
    volume = "5",
    year = "2017",
    month = "February",
    pages = "1304",
}
@article{surveymachinelearningclassification,
    author = "Kajaree Das, Rabi Narayan Behera",
    title = "A Survey on Machine Learning: Concept,Algorithms and Applications",
    journal = "International Journal of Innovative Research in Computer and Communication Engineering",
    volume = "5",
    year = "2017",
    month = "February",
    pages = "1305",
}
@article{surveymachinelearningclustering,
    author = "Kajaree Das, Rabi Narayan Behera",
    title = "A Survey on Machine Learning: Concept,Algorithms and Applications",
    journal = "International Journal of Innovative Research in Computer and Communication Engineering",
    volume = "5",
    year = "2017",
    month = "February",
    pages = "1305",
}
@article{surveyrecommender1,
    author = "Mansi Sood, Harmeet Kaur",
    title = "Survey on News Recommendation",
    journal = "International Journal of Innovative Research in Computer and Communication Engineering",
    volume = "3",
    year = "2014",
    month = "June",
    pages = "9974-9975",
}
@article{svensson,
    author = "Martin Svensson, Joakim Söderberg",
    title = "Machines that learn: Applying automatic pattern recognition",
    journal = "Ericsson review",
    year = "2008",
    month = "March",
    pages = "29",
}
@article{amazon,
    author="Greg Linden, Brent Smith, and Jeremy York",
    title=Amazon.com Recommendations Item-to-Item Collaborative Filtering,
    journal="Industry Report",
    year="2003" ,
    month="JANUARY/FEBRUARY",
    pages="78-79",
}
@phdthesis{gglnews,
    author="P.Beck et al.",
    title="A System for Online News Recommendations in Real-Time with Apache Mahout",
    school="Technische Universitat Berlin"
    pages="4",
}
@article{filtering,
    author="Li Zheng, Lei Li, Wenxing Hong, Tao Li",
    title="Personalized news recommendation using ensemble hierarchical clustering",
    journal="ELSEVIER",
    year="2013" ,
    pages="2928-2932",
}
@article{profil,
    author="Sumitkumar Kanoje, Sheetal Girase, Debajyoti Mukhopadhyay",
    title="User Profiling Trends, Techniques and Applications",
    journal="International Journal of Advance Foundation and Research in Computer (IJAFRC)",
    volume="1",
    issue="1",
    year="2014",
    month="January",
    pages="3",
}
@book{Han,
    author="Jiawei Han, Micheline Kamber, Jian Pei",
    title = "DATA MINING Concepts and Techniques",
    chapter="1",
    edition = "3",
    publisher = "Morgan Kaupmann"
}
@article{refnorvege,
    author="Jon Atle Gulla et al.",
    title="Implicit User Profiling in News Recommender Systems",
    pages="5",
}
@article{29,
    author="Tan, A. and Tee, C.",
    title="Learning User Profiles for Personalized Information Dissemination",
    pages="183-188",
    journal="Proceedings of 1998 IEEE International Joint conference on Neural Networks",
    year="1998",
    month="May",
}
@article{30,
    author="Hochul Jeon, Taehwan Kim, Joongmin Choi",
    title="Adaptive User Profiling for Personalized Information Retrieval",
    journal="Third International Conference on Convergence and Hybrid Information Technology",
    year="2008",
}
@article{31,
    author="R. Carreira et al.",
    title="Evaluating adaptive user profiles for news classification",
    journal="Proceedings of the 9th international conference on Intelligent user interfaces",
    year="2004",
}
@article{32,
    author="J. Wang et al.",
    title="Adaptive User Profile Model and Collaborative Filtering for Personalized News",
    journal="Proceedings of the APWeb 2006",
    pages="474-485",
    year="2006",
}
@article{34,
    author="Fikadu Gemechu, Zhang Yu, Liu Ting",
    title="A Framework for Personalized Information Retrieval Model",
    journal=" Proceedings of IEEE transaction",
    year="2010",
}
@article{35,
    author="T. P. Liang, and H. J. Lai",
    title="Discovering User Interests from Web Browsing Behavior: An Application to Internet News Service",
    journal="IEEE Computer Society, Los Alamitos",
    year="2002",
}
@article{36,
    author="U. Lee, Z. Liu, J. Cho",
    title="Automatic identification of user goals in Web search",
    journal="Proceedings of the 14th international conference on World Wide Web",
    year="2005",
}
@article{27,
    author="Lei Li, Li Zheng, Tao Li",
    title="LOGO: A Long-Short User Interest Integration in Personalized News Recommendation",
    journal="Proceedings of the fifth ACM conference on Recommender systems",
    pages="317-320",
    year="2011",
}
@article{28,
    author="Y. Ding and X. Li",
    title="Time weight collaborative filtering",
    journal="Proceedings of CIKM, ACM",
    pages="485-492",
    year="2005",
}