%~~~~~~~~~~~~~~Chapter2~~~~~~~~~~~~~
@book{aats,
    author    = "Inderjeet Mani",
    title     = "Advances in Automatic Text Summarization",
    year      = "1999",
    publisher = "MIT Press Cambridge",
    address   = "Massachusetts, USA"
}
@book{atsjmtm,
    author    = "Juan-Manuel Torres-Moreno",
    title     = "Automatic Text Summarization (Cognitive Science and Knowledge Management)",
    year      = "2014",
    publisher = "Wiley",
    address   = "USA"
}
@article{ratsa,
    author =       "Yogan Jaya Kumar et al.",
    title =        "A Review on Automatic Text Summarization Approaches",
    journal =      "Journal of Computer Science",
    pages =        "180",
    year =         "2016",
    DOI =          "http://thescipub.com/PDF/jcssp.2016.178.190.pdf"
}
@article{atsuss,
    author =       "Ramesh Nallapati et al.",
    title =        "Abstractive Text Summarization Using Sequence-to-Sequence RNNs and Beyond",
    journal =      "The 20th SIGNLL Conference on Computational Natural Language Learning, Germany",
    pages =        "280--290",
    year =         "2016",
    DOI =          "http://www.aclweb.org/anthology/K16-1028"
}
@article{ruch,
    author =       "Alexander M. Rush et al.",
    title =        "A Neural Attention Model for Sentence Summarization",
    journal =      "The SIGNLL Conference on Computational Natural Language Learning, Portugal",
    pages =        "379--389",
    year =         "2015",
    DOI =          "https://www.aclweb.org/anthology/D/D15/D15-1044.pdf"
}
@book{stca,
    author =       "Charu C. Aggarwal, ChengXiang Zhai",
    title =        "Mining Text Data",
    year =         "2012",
    address =      "Massachusetts, USA"
}
@article{surveysummarization,
    author = "Kanitha D K, D. Muhammad Noorul Mubarak, S. A. Shanavas",
    title = "SURVEY ON TEXT SUMMARIZATION METHODS",
    journal = "International Journal of Computer Engineering and Technology (IJCET)",
    volume = "9",
    issue="1",
    year = "2018",
    month="January-February"
    pages = "26-36",
    publisher = "IAEME"
}
@phdthesis{setif,
    author = "Sadik BESSOU",
    title = "Traduction Automatique à Base de Règles de l'Anglais vers l'Arabe",
    school = "Université de Sétif -1-",
    year = "2016",
}
@article{surveyTraduction,
    author = "Neeha Ashraf, Manzoor Ahmad",
    title = "Machine Translation Techniques and their Comparative Study",
    journal = "International Journal of Computer Applications ",
    volume = "125",
    issue="7",
    year = "2015",
    month="September",
    pages = "26-27",
}
@article{jean,
    author = "Jean, Senellart",
    title = "Boosting linguistic rule-based MT system with corpus-based approaches",
    year = "2006",
}
@article{synsetFigure,
author = {Hulea, Alexandru and Rebedea, Traian},
year = {2016},
month = {09},
pages = {233 - 254},
title = {Aggregating textual and video data from movies},
volume = {9},
booktitle = {Romanian Journal of Human - Computer Interaction}
}