%~~~~~~~~~~~~~~Chapter3~~~~~~~~~~~~~
@book{json,
    title     = "The JSON Data Interchange Syntax",
    year      = "2017",
    month     = "Decembre",
    publisher = "ECMA International",
    address   = "Geneva, Switzerland",
}
@book{UML,
	author    ="Joseph Gabay, David Gabay",
	title     = "UML2 ANALYSE ET CONCEPTION",
	year      = "2008",
	publisher = "Dunod",
	address   = "France",
}
@article{categorisation,
	author    ="Shugufta Fatima, Dr. B. Srinivasu",
	title     = "Text Document categorization using support vector machine",
	publisher = "Irjet",
	Volume    = "4",
	Issue     = "2",
	pages     = "",
	year      = "2017",
	month     = "February",	
}
@article{notrerésumé,
	author    = "Gaetano Rossiello, Pierpaolo Basile, Giovanni Semeraro",
	title     = "Centroid-based Text Summarization through Compositionality of Word Embeddings",
	conference   = "Proceedings of the MultiLing 2017 Workshop on Summarization and Summary Evaluation Across Source Types and Genres",
	publisher    ="Association for Computational Linguistics",
	pages     ="12–-21", 
	year      = "2017",
	month     = "April",	
}
@book{NOSQL1,
	author    ="M. Brown",
	title     = "Getting Started with Couchbase Server",
	year      = "2012",
	month     = "June",
	publisher = "O Reilly Media",
}
@article{NOSQL2,
	author    ="M. Indrawan-Santiago",
	title     = "Database research: Are we at a crossroad?Reflection on NoSQL",
	journal   ="Network-Based Information Systems (NBiS)",
	conference= "15th International Conference",
	pages     ="45--51",
	year      = "2012",
	month     = "Sptember",
}
@book{NOSQL3,
	author    = "K. Chodorow and M. Dirolf",
	title     = "MongoDB: The Definitive Guide",
	year      = "2010",
	month     = "September",
	publisher = "O Reilly Media",
}